
@online{trafik,
  author = {Søren Underlien Jensen},
  title = {Rundkørsler og trafiksikkerhed},
  year = 2012,
  url = {http://asp.vejtid.dk/Artikler/2012/11%5C6461.pdf},
  urldate = {2015-12-16}
},


@online{g9,
  author = {G9 landskab park og byrum a/s},
  title = {HÆVE-SÆNKE PULLERT},
  year = 2015,
  url = {http://www.g9.dk/media/blfa_files/Luxor_pullert.pdf},
  urldate = {2015-12-16}
},

@online{g99,
  author = {G9 landskab park og byrum a/s},
  title = {Park og Stadsrum},
  year = 2015,
  url = {http://www.g9-se.se/regulering-i-byrum.html},
  urldate = {2015-12-16}
},

@Book{adf,
author = {Michael Aakjer Nielsen},
title = {Nye evalueringsmetoder, Konfliktteknik og Adfærdsstudier},
publisher = {Vejdirektoratet},
year = {1994},
address = {Niels Juels Gade 13, 1020 København K., Danmark}
},

@online{aabcykelby,
  author = {Aalborg Kommune},
  title = {Aalborg Cykelby},
  year = 2015,
  url = {http://www.aalborgcykelby.dk/aalborg-cykelby},
  urldate = {2015-12-15}
},

@online{konflikt,
author = {Lund, B.L.C. and Andersson P.K},
title = {Konfliktteknikstudier},
year = 2009,
url = {http://www.trafitec.dk/sites/default/files/publications/konfliktteknikstudier%20i%20kbh%20bykryds.pdf},
urldate = {2015-12-15}
},


@online{sweconflict,
  author = {Lund University},
  title = {The Swedish Traffic Conflict Technique},
  year = 2009,
  url = {http://www.tft.lth.se/fileadmin/tft/video_in_traffic/Swedish_conflict_technique.pdf},
  urldate = {2015-12-15}
},


@online{e49,
  author = {BedrebillistApS},
  title = {Bedre bilist},
  year = 2015,
  url = {http://www.bedrebilist.dk/trafiktavler-vejskilte/},
  urldate = {2015-12-15}
},

@online{forbudsskilt2007,
author = {Watto},
title = {Vejskilt- Forbudstavl C55 lokal hastighedsberænsning},
year = 2007,
url = { http://www.wattoo.dk/vejskilt-c55-30km-refleks-881060840},
urldate = {2015-12-14}
},

@online{gm2015,
author = {Google},
title = {googlemaps},
year = 2015,
url = {https://www.google.dk/maps},
urldate = {2015-12-15}
},

@online{vejlednigomss2013,
author = {Vejdirektoratet},
title = {Vejledning om anvendelse af Shared Space},
year = {2013},
url = {http://vejregler.lovportaler.dk/showdoc.aspx?t=%2fV1%2fNavigation%2fTillidsmandssystemer%2fVejregler%2fAnlaegsplanlaegning%2fTrafikarealer+by%2fVejgeometri+i+byomrader%2f&docId=vd-shared-space-full },
urldate = {2015-11-17}
},

@online{DEFT2006,
author = {De Europæiske Fælleskabs Tidende},
title = {InterregII(2000-2006},
year = {2006},
url = {http://eur-lex.europa.eu/content/welcome/about.html},
urldate = {2015-11-01}
},



@online{SP2015,
author = {Mag. Simone Reis},
title = {Sonnenfelsplatz},
year = {2015},
url = {http://www.stadtentwicklung.graz.at/cms/beitrag/10136328/5030273/},
urldate = {2015-12-10}
},

@online{hs,
  author = {BedrebillistApS},
  title = {Bedre bilist},
  year = 2015,
  url = {http://www.bedrebilist.dk/trafiktavler-vejskilte/},
  urldate = {2015-12-15}
},

@Book{Kvale2009,
Title = {Interview introduktion til et håndværk},
Author = {Steinar Kvale og Svend Brinkmann},
Year = {2009},
Edition = {2. udgave},
ISBN = {978-87-412-5198-1},
Location = {København},
Publisher = {Hans Reitzels forlag}
},

@Book{Andersen2009,
Title = {Den skinbarlige virkelighed- om vidensproduktion inden for samfundsvidenskaberne},
Author = {Ib Andersen },
Year = {2009},
Edition = {4. udgave},
ISBN = {978-87-412-5198-0},
Publisher = {Forlaget Samfundslitteratur}
},

@online{kvn,
author = {undervisere fra Copenhagen Business School (CBS), Danmarks Tekniske Universitet
(DTU) og Københavns Universitet (KU)},
title = {Det kvalitative interview },
url = { https://innovation.blogs.ku.dk/metode/det-kvalitative-interview/},
urldate = {2015-10-27}
},

@online{arealplan,
author = {Aalborg Kommune Magistratens 2. Afdeling},
title = {Lokalplan 10-010},
year = {1980},
url = {http://apps.aalborgkommune.dk/images/teknisk/PLANBYG/lokplan/01/10-010.pdf},
urldate = {2015-12-16}
},

@online{omlaegning,
author = {Martin Fischer},
title = {Trafik og Miljø i Aalborg – JUPITER og JUPITER 2 projekterne},
year = {2000},
url = {http://www.trafikdage.dk/td/papers/papers00/Dag1/paper/1203.pdf},
urldate = {2015-12-16}
},

@online{bystorelse,
author = {Den Store Danske},
title = {Aalborg},
year = {2015},
url = {http://www.denstoredanske.dk/Danmarks_geografi_og_historie/Danmarks_geografi/Jylland/Jylland_-_byer/Aalborg},
urldate = {2015-12-16}
},

@online{busser,
author = {Aalborg Kommune Kollektiv Trafik},
title = {Oversigtskort Nytorv},
year = {2015},
url = {http://www.nordjyllandstrafikselskab.dk/media/oversigtskort/nytorv_2015.pdf},
urldate = {2015-12-16}
},

@online{befolkningsvakst,
author = {Aalborg Kommune},
title = {Analyse af Aalborg Kommunes befolkningsudvikling 2015-2027},
year = {2015},
url = {http://apps.aalborgkommune.dk/statistik/webaarbog/prognose2015/Struktur/Befolkningsanalyser/indexlevel1/BefolkningsanalyserForudsaetningeroganalyse.html},
urldate = {2015-12-16}
},

@online{reglershared,
author = {Vejdirektoratet},
title = {Vejledning om anvendelsen af Shared Space},
year = {2013},
url = {http://vejregler.lovportaler.dk/showdoc.aspx?t=%2fV1%2fNavigation%2fTillidsmandssystemer%2fVejregler%2fAnlaegsplanlaegning%2fTrafikarealer+by%2fVejgeometri+i+byomrader%2f&docId=vd-shared-space-full},
urldate = {2015-12-16}
},

@online{attraktiv,
author = {Aalborg Kommuneplan},
title = {Aalborg Midtby},
year = {2013},
url = {http://www.aalborgkommuneplan.dk/kommuneplanrammer/midtbyen/aalborg-midtby/default.aspx},
urldate = {2015-12-16}
},

@online{shopping,
author = {Visit Denmark},
title = {Shopping i Aalborg},
year = {2015},
url = {http://www.visitdenmark.dk/da/nordjylland/shopping/shopping-i-aalborg},
urldate = {2015-12-16}
},

@online{tallinger,
author = {Vejdirektoratet},
title = {Trafiktællinger - Planlægning, udførelse og efterbehandling, Vejledning},
year = {2006},
url = {http://vej08.vd.dk/mastra/mastradok/dok/TrafiktaellingerPlanUdfoerEfterb.pdf},
urldate = {2015-12-16}
},

@online{graz,
author = {Wolfgang Fischer},
title = {Shared Space in Graz (Austria)},
year = {2014},
url = {http://www.eltis.org/discover/news/shared-space-graz-austria-0},
urldate = {2015-12-16}
},


@online{sonne,
author = {Stadtenwicklung},
title = {Sonnefelsplatz},
year = {2015},
url = {http://www.stadtentwicklung.graz.at/cms/beitrag/10136328/5030273/},
urldate = {2015-12-16}
},


@online{cykelsti,
author = {Pablo Celis},
title = {kantstenen er vejen frem for de norske cyklister},
year = {2015},
url = {http://www.cykeltrafikken.dk/2012/11/03/kantstenen-er-vejen-frem-for-de-norske-cyklister/},
urldate = {2015-12-3}
},

@online{iformrute,
author = {Iform},
title = {Iform ruteplan},
url = { http://iform.dk/ruteplanner/tegn},
urldate = {2015-12-6}
},


@online{vejdpdf,
author = {Vejdirektoratet og KTC (SAMKOM)},
title = {Registrering og klassificering af stier},
year = {2011},
url = {http://www.vejdirektoratet.dk/DA/vejsektor/samarbejde/kommuner/samkom/Documents/stiklassificering.pdf },
urldate = {2015-12-3}
},

@online{lovb,
author = {Danske regering},
title = {Lovtidende A},
year = {2012},
url = {http://www.koreskoleservice.dk/Resources/Files/download/vejafm%C3%A6rkning/anvendelse/BEKnr801af04-07-2012.pdf},
urldate = {2015-12-3}
},


@online{ck,
author = {Per Vesterholm},
title = {Cykelister i København},
year = {2011},
url = {http://pvr.as/cykelstier-i-kobenhavn/},
urldate = {2015-12-3},
},





@online{ssing2015,
author = {ELITIS Team},
title = {Shared space in Graze (Austria)},
year = {2015},
url =  {http://www.eltis.org/discover/news/shared-space-graz-austria-0},
urldate = {2015-12-10"}
},
